%YAML 1.1
%TAG !u! tag:unity3d.com,2011:
--- !u!244 &-8807806739364225186
AudioMixerEffectController:
  m_ObjectHideFlags: 3
  m_CorrespondingSourceObject: {fileID: 0}
  m_PrefabInstance: {fileID: 0}
  m_PrefabAsset: {fileID: 0}
  m_Name: 
  m_EffectID: c40650c2d46fb7d4ca9501cecb1a1b66
  m_EffectName: Attenuation
  m_MixLevel: e163c241b4590464cba66a41334cd380
  m_Parameters: []
  m_SendTarget: {fileID: 0}
  m_EnableWetMix: 0
  m_Bypass: 0
--- !u!244 &-6632594149769668394
AudioMixerEffectController:
  m_ObjectHideFlags: 3
  m_CorrespondingSourceObject: {fileID: 0}
  m_PrefabInstance: {fileID: 0}
  m_PrefabAsset: {fileID: 0}
  m_Name: 
  m_EffectID: d9b57b7b2ad291c40bfefdd1ab44f6b1
  m_EffectName: Send
  m_MixLevel: ff6695dd2140b924f86b43a4552c413d
  m_Parameters: []
  m_SendTarget: {fileID: 0}
  m_EnableWetMix: 0
  m_Bypass: 0
--- !u!244 &-1441905350082965633
AudioMixerEffectController:
  m_ObjectHideFlags: 3
  m_CorrespondingSourceObject: {fileID: 0}
  m_PrefabInstance: {fileID: 0}
  m_PrefabAsset: {fileID: 0}
  m_Name: 
  m_EffectID: ec0e993be8afbe44b9662f23dc48c23d
  m_EffectName: SFX Reverb
  m_MixLevel: efd4b9d0ae58c2749b146e0fa0d5096c
  m_Parameters:
  - m_ParameterName: Dry Level
    m_GUID: 8f4635ed108289047946e630dd753d57
  - m_ParameterName: Room
    m_GUID: dc066770431283a4099623af83651e9d
  - m_ParameterName: Room HF
    m_GUID: 70114d22424c25844bbf2921a5747b07
  - m_ParameterName: Decay Time
    m_GUID: 5f075f24ce1053744a12f8c6ba200be2
  - m_ParameterName: Decay HF Ratio
    m_GUID: 814b9bd5315082c46a759ccb4cc4220a
  - m_ParameterName: Reflections
    m_GUID: 64686749a87f80343b9e53f7a71a9e31
  - m_ParameterName: Reflect Delay
    m_GUID: 7a5cc1f80f7085a4c96566764b28d4c9
  - m_ParameterName: Reverb
    m_GUID: a253142dec32dee42aa968693d980c0d
  - m_ParameterName: Reverb Delay
    m_GUID: 4f86d8440c9b97240ac11d1c5886d30a
  - m_ParameterName: Diffusion
    m_GUID: fbef48b6570970045927af66a248c951
  - m_ParameterName: Density
    m_GUID: 178dd9a2bf3682f49b1f0234dfb5bb93
  - m_ParameterName: HF Reference
    m_GUID: fcf327613ae1eb648a39132b619a4a30
  - m_ParameterName: Room LF
    m_GUID: d671920dcdbc4ee48a8e622368f8d53b
  - m_ParameterName: LF Reference
    m_GUID: faabd5db4e2dacf4ca3e1e3ffc0ce7e7
  m_SendTarget: {fileID: 0}
  m_EnableWetMix: 0
  m_Bypass: 0
--- !u!241 &24100000
AudioMixerController:
  m_ObjectHideFlags: 0
  m_CorrespondingSourceObject: {fileID: 0}
  m_PrefabInstance: {fileID: 0}
  m_PrefabAsset: {fileID: 0}
  m_Name: FPSReverb
  m_OutputGroup: {fileID: 0}
  m_MasterGroup: {fileID: 24300002}
  m_Snapshots:
  - {fileID: 24500006}
  m_StartSnapshot: {fileID: 24500006}
  m_SuspendThreshold: -80
  m_EnableSuspend: 1
  m_UpdateMode: 0
  m_ExposedParameters:
  - guid: dc066770431283a4099623af83651e9d
    name: Room
  - guid: a253142dec32dee42aa968693d980c0d
    name: ReverbLevel
  - guid: 7a5cc1f80f7085a4c96566764b28d4c9
    name: ReflectionsDelay
  - guid: d671920dcdbc4ee48a8e622368f8d53b
    name: RoomLF
  - guid: 814b9bd5315082c46a759ccb4cc4220a
    name: DecayHFRatio
  - guid: faabd5db4e2dacf4ca3e1e3ffc0ce7e7
    name: LfReference
  - guid: fcf327613ae1eb648a39132b619a4a30
    name: HfReference
  - guid: 4f86d8440c9b97240ac11d1c5886d30a
    name: ReverbDelay
  - guid: 64686749a87f80343b9e53f7a71a9e31
    name: ReflectionsLevel
  - guid: 8f4635ed108289047946e630dd753d57
    name: DryLevel
  - guid: 178dd9a2bf3682f49b1f0234dfb5bb93
    name: Density
  - guid: 5f075f24ce1053744a12f8c6ba200be2
    name: DecayTime
  - guid: 70114d22424c25844bbf2921a5747b07
    name: RoomHF
  - guid: fbef48b6570970045927af66a248c951
    name: Diffusion
  m_AudioMixerGroupViews:
  - guids:
    - da7ea77b2f65fc34ea26678a1fff7906
    - 9ff7ee0e00c9ddc44a548e6b9d6d7a51
    name: View
  m_CurrentViewIndex: 0
  m_TargetSnapshot: {fileID: 24500006}
--- !u!243 &24300002
AudioMixerGroupController:
  m_ObjectHideFlags: 0
  m_CorrespondingSourceObject: {fileID: 0}
  m_PrefabInstance: {fileID: 0}
  m_PrefabAsset: {fileID: 0}
  m_Name: Master
  m_AudioMixer: {fileID: 24100000}
  m_GroupID: da7ea77b2f65fc34ea26678a1fff7906
  m_Children:
  - {fileID: 2331378696999988162}
  m_Volume: 9415f422eeb112d4c887e357774a846b
  m_Pitch: a4a94b83f54117245a2cf6bb17e25296
  m_Send: 00000000000000000000000000000000
  m_Effects:
  - {fileID: 24400004}
  - {fileID: 1103017058321167638}
  m_UserColorIndex: 0
  m_Mute: 0
  m_Solo: 0
  m_BypassEffects: 0
--- !u!244 &24400004
AudioMixerEffectController:
  m_ObjectHideFlags: 3
  m_CorrespondingSourceObject: {fileID: 0}
  m_PrefabInstance: {fileID: 0}
  m_PrefabAsset: {fileID: 0}
  m_Name: 
  m_EffectID: d72b4c36f877e664d962b50c5886440e
  m_EffectName: Attenuation
  m_MixLevel: 681af900ea3c7cf49b9648132722a5f9
  m_Parameters: []
  m_SendTarget: {fileID: 0}
  m_EnableWetMix: 0
  m_Bypass: 0
--- !u!245 &24500006
AudioMixerSnapshotController:
  m_ObjectHideFlags: 0
  m_CorrespondingSourceObject: {fileID: 0}
  m_PrefabInstance: {fileID: 0}
  m_PrefabAsset: {fileID: 0}
  m_Name: Snapshot
  m_AudioMixer: {fileID: 24100000}
  m_SnapshotID: 64be140c25f33454ca016d483d510088
  m_FloatValues:
    0b05d0005e22b1645b17619088f90d1f: 0.041
    c355b1e098845e5428c1d94007057c51: 0
    8b271fb172b7fb44fa98d30e3b3a0717: -80
    9415f422eeb112d4c887e357774a846b: 0.04171297
    66d73822a007433459473ee65df1b283: 0
    5857c47217ab1014aaf530c5b482364a: 0
    d8bd4b7200bc0a4428b26a0952931d83: 0
    c7c779a36e00de64cbc1ec4fffcc885e: 1
    dd19e985b08acbd468de66aa37f97b1c: 0
    fbef48b6570970045927af66a248c951: 32.1
    2cde7b37457bade468466c833dd00699: 0
    2b03ae87d9de56d4d9c4374253e10c0e: 0
    addaf9098f9e96143b84b2af1f3b95ca: -7491
    5f8a4049b9fdac34b80f1c99d2084bfb: 9.74
    047b9249bc75efc4193a183857fbe322: 0
    c0cd79898e597dd4a9df41439784d26a: 0
    36e7c29956de4df418b8e91c78fb2ef8: 0
    a4b8a12acd44c4c4d823768cfc1da922: 1606
    b5ae844a426f80146b4eb555dd2c405e: 0
    894ecf7bcdab2c64b94536fef60b71fc: -1720
    54a4828b2a0f99e4e8d08cb6ce4c8ab1: 0
    67f4849b6ee57f74f8535ead87c19910: 0.04171297
    60e8ebace038b8c45888c29a37902a5a: -645
    74fa922d15f3a71439bf3abc64fc2b03: 1
    0635905d45ee615459b45e70651b00a3: 0
    8f4635ed108289047946e630dd753d57: 0
    f179835ee1f778140ba0f332f9a4e280: 0
    4d892beea4df5a84f9270ff503a07f9d: 0
    42b58ffe549624e40bc7b915b3c5b53f: -3966
    cc18f44f2515a614e82be2b154f7a908: 0
    385b24cf9dde05c418ddb57a86fc248f: 0
    c7f9b3df04c861f4a838e537f39eccc4: 0.66
  m_TransitionOverrides: {}
--- !u!244 &1103017058321167638
AudioMixerEffectController:
  m_ObjectHideFlags: 3
  m_CorrespondingSourceObject: {fileID: 0}
  m_PrefabInstance: {fileID: 0}
  m_PrefabAsset: {fileID: 0}
  m_Name: 
  m_EffectID: 28d11ea54e7bf4a4a94dd4893799407f
  m_EffectName: Send
  m_MixLevel: 062b9b74da29252449da39e65be508b7
  m_Parameters: []
  m_SendTarget: {fileID: 0}
  m_EnableWetMix: 0
  m_Bypass: 0
--- !u!243 &2331378696999988162
AudioMixerGroupController:
  m_ObjectHideFlags: 0
  m_CorrespondingSourceObject: {fileID: 0}
  m_PrefabInstance: {fileID: 0}
  m_PrefabAsset: {fileID: 0}
  m_Name: Input
  m_AudioMixer: {fileID: 24100000}
  m_GroupID: 9ff7ee0e00c9ddc44a548e6b9d6d7a51
  m_Children: []
  m_Volume: 67f4849b6ee57f74f8535ead87c19910
  m_Pitch: 1b916e4205d2632428f2e7ecc967e526
  m_Send: 00000000000000000000000000000000
  m_Effects:
  - {fileID: -8807806739364225186}
  - {fileID: -1441905350082965633}
  m_UserColorIndex: 0
  m_Mute: 0
  m_Solo: 0
  m_BypassEffects: 0
